% Encoding: UTF-8
@Article{Stekler2010,
  author    = {H.O. Stekler and David Sendor and Richard Verlander},
  title     = {Issues in sports forecasting},
  journal   = {International Journal of Forecasting},
  year      = {2010},
  volume    = {26},
  number    = {3},
  pages     = {606--621},
  month     = {jul},
  doi       = {10.1016/j.ijforecast.2010.01.003},
  publisher = {Elsevier {BV}},
}

@Book{Taylor2004,
  author    = {Ian M Franks},
  title     = {Notational Analysis of Sport},
  publisher = {Taylor \& Francis Ltd},
  year      = {2004},
  isbn      = {0415290058},
  date      = {2004-04-01},
  ean       = {9780415290050},
  pagetotal = {324},
  url       = {https://www.ebook.de/de/product/3473295/notational_analysis_of_sport.html},
}

@Article{Papic2009,
  author    = {Vladan Papi{\'{c}} and Nenad Rogulj and Vladimir Ple{\v{s}}tina},
  title     = {Identification of sport talents using a web-oriented expert system with a fuzzy module},
  journal   = {Expert Systems with Applications},
  year      = {2009},
  volume    = {36},
  number    = {5},
  pages     = {8830--8838},
  month     = {jul},
  doi       = {10.1016/j.eswa.2008.11.031},
  publisher = {Elsevier {BV}},
}
@Article{Kononenko95,
	author = {Igor Kononenko},
	title = {On biases in estimating multi-valued attributes},
	booktitle = {},
	year = {1995},
	pages = {1034--1040},
	publisher = {Morgan Kaufmann}
}

@Article{Hall2009,
  author    = {Mark Hall and Eibe Frank and Geoffrey Holmes and Bernhard Pfahringer and Peter Reutemann and Ian H. Witten},
  title     = {The {WEKA} data mining software},
  journal   = {{ACM} {SIGKDD} Explorations Newsletter},
  year      = {2009},
  volume    = {11},
  number    = {1},
  pages     = {10},
  month     = {nov},
  doi       = {10.1145/1656274.1656278},
  publisher = {Association for Computing Machinery ({ACM})},
}

@Article{Bittner2007,
  author    = {E Bittner and A Nu{\ss}baumer and W Janke and M Weigel},
  title     = {Self-affirmation model for football goal distributions},
  journal   = {Europhysics Letters ({EPL})},
  year      = {2007},
  volume    = {78},
  number    = {5},
  pages     = {58002},
  month     = {may},
  doi       = {10.1209/0295-5075/78/58002},
  publisher = {{IOP} Publishing},
}

@Article{Bhandari1997,
  author    = {Inderpal Bhandari and Edward Colet and Jennifer Parker and Zachary Pines and Rajiv Pratap and Krishnakumar Ramanujam},
  journal   = {Data Mining and Knowledge Discovery},
  year      = {1997},
  volume    = {1},
  number    = {1},
  pages     = {121--125},
  doi       = {10.1023/a:1009782106822},
  publisher = {Springer Nature},
}

@Article{Brooks2016,
  author    = {Joel Brooks and Matthew Kerr and John Guttag},
  title     = {Using machine learning to draw inferences from pass location data in soccer},
  journal   = {Statistical Analysis and Data Mining: The {ASA} Data Science Journal},
  year      = {2016},
  volume    = {9},
  number    = {5},
  pages     = {338--349},
  month     = {jun},
  doi       = {10.1002/sam.11318},
  publisher = {Wiley},
}

@article{Kahn2003,
	author = {Kahn, Joshua},
	year = {2003},
	month = {01},
	pages = {},
	title = {Neural Network Prediction of NFL Football Games},
	journal = {World Wide Web Electronic Publication}
}

@Article{Purucker1996,
  author    = {M.C. Purucker},
  title     = {Neural network quarterbacking},
  journal   = {{IEEE} Potentials},
  year      = {1996},
  volume    = {15},
  number    = {3},
  pages     = {9--15},
  doi       = {10.1109/45.535226},
  publisher = {Institute of Electrical and Electronics Engineers ({IEEE})},
}

@Article{Griffiths2010,
  author    = {Mark Griffiths},
  title     = {Online video gaming: what should educational psychologists know?},
  journal   = {Educational Psychology in Practice},
  year      = {2010},
  volume    = {26},
  number    = {1},
  pages     = {35--40},
  month     = {mar},
  doi       = {10.1080/02667360903522769},
  publisher = {Informa {UK} Limited},
}

@Article{Schumaker2010,
  author    = {Robert P. Schumaker and Osama K. Solieman and Hsinchun Chen},
  title     = {Sports knowledge management and data mining},
  journal   = {Annual Review of Information Science and Technology},
  year      = {2010},
  volume    = {44},
  number    = {1},
  pages     = {115--157},
  doi       = {10.1002/aris.2010.1440440110},
  publisher = {Wiley},
}
@ARTICLE{Bernard2009,
	title = {Predicting NBA Games Using Neural Networks},
	author = {Bernard, Loeffelholz and Earl, Bednar and W, Bauer Kenneth},
	year = {2009},
	journal = {Journal of Quantitative Analysis in Sports},
	volume = {5},
	number = {1},
	pages = {1-17},
}

@Book{Han2017,
  title     = {Data Mining: Concepts and Techniques},
  publisher = {Elsevier LTD, Oxford},
  year      = {2017},
  author    = {Han, Jiawei and Kamber, Micheline and Pei, Jian},
  isbn      = {0123814790},
  date      = {2017-08-01},
  ean       = {9780123814791},
  url       = {https://www.ebook.de/de/product/14641128/jiawei_han_micheline_kamber_jian_pei_data_mining_concepts_and_techniques.html},
}

@Article{Landwehr2005,
	author="Landwehr, Niels
	and Hall, Mark
	and Frank, Eibe",
	title="Logistic Model Trees",
	journal="Machine Learning",
	year="2005",
	month="May",
	day="01",
	volume="59",
	number="1",
	pages="161--205",
	doi="10.1007/s10994-005-0466-3",
	url="https://doi.org/10.1007/s10994-005-0466-3"
}

@Book{Witten2017,
	author    = {Witten, Ian and Frank, Eibe and Hall, Mark A. and Pal, Christopher J.},
	publisher = {Elsevier LTD, Oxford},
	title     = {Data Mining},
	year      = {2017},
	isbn      = {0128042915},
	date      = {2017-01-01},
	ean       = {9780128042915},
	url       = {https://www.ebook.de/de/product/26440029/ian_witten_eibe_frank_mark_a_hall_christopher_j_pal_data_mining.html},
}

@misc{nba,
	author = {Ken DeGennaro},
	title = {{BWorld Robot Control Software}},
	howpublished = "\url{https://news.sap.com/2017/08/corporate-sponsorships-reimagined-nba/}",
	year = {2019}, 
	note = "[Online; accessed 19-Nov-2019]"
}
@misc{juputer,
	author = {Project Jupyter},
	title = {{Jupyter}},
	howpublished = "\url{https://jupyter.org/}",
	year = {2019}, 
	note = "[Online; accessed 19-Nov-2019]"
}
@misc{juputer,
	author = {Journyx technology},
	title = {{Sobre o Python}},
	howpublished = "\urlhttps://www.python.org/about}",
	year = {2019}, 
	note = "[Online; accessed 19-Nov-2019]"
}

@Comment{jabref-meta: databaseType:bibtex;}
